
@article{bs2010,
	title = {The Satisfiability Modulo Theories Library ({SMT-LIB)}},
	journal = {www.smtlib.org},
	author = {Barrett, Clark and Stump, Aaron and Tinelli, Cesare},
	year = {2010}
}